@article{deepillum,
  title={Deep Illumination: Approximating Dynamic Global Illumination with Generative Adversarial Network},
  author={Thomas, Manu Mathew and Forbes, Angus G},
  journal={arXiv preprint arXiv:1710.09834},
  year={2017}
}

@article{vtkm,
  title={Vtk-m: Accelerating the visualization toolkit for massively threaded architectures},
  author={Moreland, Kenneth and Sewell, Christopher and Usher, William and Lo, Li-ta and Meredith, Jeremy and Pugmire, David and Kress, James and Schroots, Hendrik and Ma, Kwan-Liu and Childs, Hank and others},
  journal={IEEE computer graphics and applications},
  volume={36},
  number={3},
  pages={48--58},
  year={2016},
  publisher={IEEE}
}

@article{dahmTransport,
  title={Learning light transport the reinforced way},
  author={Dahm, Ken and Keller, Alexander},
  journal={arXiv preprint arXiv:1701.07403},
  year={2017}
}

@inproceedings{ronnebergerUnet,
  title={U-net: Convolutional networks for biomedical image segmentation},
  author={Ronneberger, Olaf and Fischer, Philipp and Brox, Thomas},
  booktitle={International Conference on Medical image computing and computer-assisted intervention},
  pages={234--241},
  year={2015},
  organization={Springer}
}

@inproceedings{isolaPatch,
  title={Image-to-image translation with conditional adversarial networks},
  author={Isola, Phillip and Zhu, Jun-Yan and Zhou, Tinghui and Efros, Alexei A},
  booktitle={Proceedings of the IEEE conference on computer vision and pattern recognition},
  pages={1125--1134},
  year={2017}
}

